@article{test_article, 
	author = {},
	title = {},
	journal = {},
	volume = {},
	number = {},
	year  = {},
	month = {},
	note  = {\url{}, retrieved on 01-01-2000},
	pages = {},
}

@book{test_book,
	author = {},
	title = {},
	year  = {},
	month = {},
	note = "",
	number = {},
	edition = {},
	series = {},
	volume = {},
}

@misc{test-website, 
	author = { },
	month = {},
	title = {},
	year  = {},
	howpublished ="\url{http://www.cs.york.ac.uk/hise/cadiz/home.html}",
}

@book{Longman_dic,
	author = {Pearson Education},
	title = {Longman Dictionary of Contemporary English},
	year  = {2007}
	month = {},
    note = "",
	number = {},
	edition = {4},
	series = {},
	volume = {},
	 
}

@book{Ethics_textbook,
	author = {{Ibo van de Poel, Lamber Royakkers}},
	title = {Ethics, Technology, and Engineering - An Introduction},
	year  = {2011}
	month = {},
	note = "",
	number = {},
	edition = {},
	series = {},
	volume = {},
	publisher = {{Wiley-Blackwell}},
}

@misc{nanorobot, 
	author = {Alla Katsnelson},
	month = {},
	title = {{DNA robot could kill cancer cells}},
	year  = {2012},
	howpublished ="\url{http://www.cs.york.ac.uk/hise/cadiz/home.html}",
}

@misc{prosthetic_arm, 
	author = {Mariella Moon},
	month = {May},
	title = {{DARPA developing muscle-controlled prosthetic limbs that can feel}},
	year  = {2013},
	howpublished ="\url{http://www.engadget.com/2013/05/30/darpa-muscle-controlled-prosthetic-limb/}",
}

@misc{retinal_implant, 
	author = {John L. Wyatt, Jr},
	title = {{The Retinal Implant Project}},
	year  = {2009},
	howpublished ="\url{http://www.rle.mit.edu/media/pr151/19.pdf}",
}


@article{bostrom2009cognitive,
  title={Cognitive enhancement: Methods, ethics, regulatory challenges},
  author={Bostrom, Nick and Sandberg, Anders},
  journal={Science and Engineering Ethics},
  volume={15},
  number={3},
  pages={311--341},
  year={2009},
  publisher={Springer}
}

@article{shepherd2013visual,
  title={Visual prostheses for the blind},
  author={Shepherd, Robert K and Shivdasani, Mohit N and Nayagam, David AX and Williams, Christopher E and Blamey, Peter J},
  journal={Trends in biotechnology},
  volume={31},
  number={10},
  pages={562--571},
  year={2013},
  publisher={Elsevier}
}

@article{berger2011cortical,
  title={A cortical neural prosthesis for restoring and enhancing memory},
  author={Berger, Theodore W and Hampson, Robert E and Song, Dong and Goonawardena, Anushka and Marmarelis, Vasilis Z and Deadwyler, Sam A},
  journal={Journal of Neural Engineering},
  volume={8},
  number={4},
  pages={046017},
  year={2011},
  publisher={IOP Publishing}
}

@article{bostrom2013ethical,
  title={Ethical Issues in Human Enhaneement},
  author={Bostrom, Nick and Roache, Rebecca},
  journal={Medical Ethics},
  pages={226},
  year={2013},
  publisher={John Wiley \& Sons}
}

@article{achterhuis1995moralisering,
  title={De moralisering van de apparaten},
  author={Achterhuis, Hans},
  journal={Socialisme en democratie},
  volume={52},
  number={1},
  pages={3--12},
  year={1995}
}

@article{miah2011ethical,
  title={Ethical Issues Raised by Human Enhancement},
  author={Miah, A},
  journal={Gonzalez, F.(ed)},
  year={2011}
}

@article{allhoff2009ethics,
  title={Ethics of human enhancement: 25 questions \& answers},
  author={Allhoff, Fritz and Lin, Patrick and Moor, James and Weckert, John},
  journal={Studies in Ethics, Law, and Technology},
  volume={4},
  number={1},
  year={2009}
}

@book{collingridge1980social,
  title={The social control of technology},
  author={Collingridge, David},
  year={1980},
  publisher={Pinter London}
}

@article{schot1992constructive,
  title={Constructive technology assessment and technology dynamics: the case of clean technologies},
  author={Schot, Johan W},
  journal={Science, Technology \& Human Values},
  volume={17},
  number={1},
  pages={36--56},
  year={1992},
  publisher={Sage Publications}
}

@article{schot1997past,
  title={The past and future of constructive technology assessment},
  author={Schot, Johan and Rip, Arie},
  journal={Technological forecasting and social change},
  volume={54},
  number={2},
  pages={251--268},
  year={1997},
  publisher={Elsevier}
}

@article{van1991slippery,
  title={The slippery slope argument},
  author={Van der Burg, Wibren},
  journal={Ethics},
  pages={42--65},
  year={1991},
  publisher={JSTOR}
}

@article{resnik1994debunking,
  title={Debunking the slippery slope argument against human germ-line gene therapy},
  author={Resnik, David},
  journal={Journal of Medicine and Philosophy},
  volume={19},
  number={1},
  pages={23--40},
  year={1994},
  publisher={Oxford University Press}
}